%YAML 1.1
%TAG !u! tag:unity3d.com,2011:
--- !u!29 &1
OcclusionCullingSettings:
  m_ObjectHideFlags: 0
  serializedVersion: 2
  m_OcclusionBakeSettings:
    smallestOccluder: 5
    smallestHole: 0.25
    backfaceThreshold: 100
  m_SceneGUID: 00000000000000000000000000000000
  m_OcclusionCullingData: {fileID: 0}
--- !u!104 &2
RenderSettings:
  m_ObjectHideFlags: 0
  serializedVersion: 9
  m_Fog: 0
  m_FogColor: {r: 0.5, g: 0.5, b: 0.5, a: 1}
  m_FogMode: 3
  m_FogDensity: 0.01
  m_LinearFogStart: 0
  m_LinearFogEnd: 300
  m_AmbientSkyColor: {r: 0.212, g: 0.227, b: 0.259, a: 1}
  m_AmbientEquatorColor: {r: 0.114, g: 0.125, b: 0.133, a: 1}
  m_AmbientGroundColor: {r: 0.047, g: 0.043, b: 0.035, a: 1}
  m_AmbientIntensity: 1
  m_AmbientMode: 3
  m_SubtractiveShadowColor: {r: 0.42, g: 0.478, b: 0.627, a: 1}
  m_SkyboxMaterial: {fileID: 0}
  m_HaloStrength: 0.5
  m_FlareStrength: 1
  m_FlareFadeSpeed: 3
  m_HaloTexture: {fileID: 0}
  m_SpotCookie: {fileID: 10001, guid: 0000000000000000e000000000000000, type: 0}
  m_DefaultReflectionMode: 0
  m_DefaultReflectionResolution: 128
  m_ReflectionBounces: 1
  m_ReflectionIntensity: 1
  m_CustomReflection: {fileID: 0}
  m_Sun: {fileID: 0}
  m_IndirectSpecularColor: {r: 0, g: 0, b: 0, a: 1}
  m_UseRadianceAmbientProbe: 0
--- !u!157 &3
LightmapSettings:
  m_ObjectHideFlags: 0
  serializedVersion: 11
  m_GIWorkflowMode: 1
  m_GISettings:
    serializedVersion: 2
    m_BounceScale: 1
    m_IndirectOutputScale: 1
    m_AlbedoBoost: 1
    m_TemporalCoherenceThreshold: 1
    m_EnvironmentLightingMode: 0
    m_EnableBakedLightmaps: 0
    m_EnableRealtimeLightmaps: 0
  m_LightmapEditorSettings:
    serializedVersion: 10
    m_Resolution: 2
    m_BakeResolution: 40
    m_AtlasSize: 1024
    m_AO: 0
    m_AOMaxDistance: 1
    m_CompAOExponent: 1
    m_CompAOExponentDirect: 0
    m_Padding: 2
    m_LightmapParameters: {fileID: 0}
    m_LightmapsBakeMode: 1
    m_TextureCompression: 1
    m_FinalGather: 0
    m_FinalGatherFiltering: 1
    m_FinalGatherRayCount: 256
    m_ReflectionCompression: 2
    m_MixedBakeMode: 2
    m_BakeBackend: 1
    m_PVRSampling: 1
    m_PVRDirectSampleCount: 32
    m_PVRSampleCount: 500
    m_PVRBounces: 2
    m_PVRFilterTypeDirect: 0
    m_PVRFilterTypeIndirect: 0
    m_PVRFilterTypeAO: 0
    m_PVRFilteringMode: 1
    m_PVRCulling: 1
    m_PVRFilteringGaussRadiusDirect: 1
    m_PVRFilteringGaussRadiusIndirect: 5
    m_PVRFilteringGaussRadiusAO: 2
    m_PVRFilteringAtrousPositionSigmaDirect: 0.5
    m_PVRFilteringAtrousPositionSigmaIndirect: 2
    m_PVRFilteringAtrousPositionSigmaAO: 1
    m_ShowResolutionOverlay: 1
  m_LightingDataAsset: {fileID: 0}
  m_UseShadowmask: 1
--- !u!196 &4
NavMeshSettings:
  serializedVersion: 2
  m_ObjectHideFlags: 0
  m_BuildSettings:
    serializedVersion: 2
    agentTypeID: 0
    agentRadius: 0.5
    agentHeight: 2
    agentSlope: 45
    agentClimb: 0.4
    ledgeDropHeight: 0
    maxJumpAcrossDistance: 0
    minRegionArea: 2
    manualCellSize: 0
    cellSize: 0.16666667
    manualTileSize: 0
    tileSize: 256
    accuratePlacement: 0
    debug:
      m_Flags: 0
  m_NavMeshData: {fileID: 0}
--- !u!1001 &78191156
Prefab:
  m_ObjectHideFlags: 0
  serializedVersion: 2
  m_Modification:
    m_TransformParent: {fileID: 0}
    m_Modifications:
    - target: {fileID: 4403548714536362, guid: 125d1871606ca4da6b9802954a103ada, type: 2}
      propertyPath: m_LocalPosition.x
      value: -1.8
      objectReference: {fileID: 0}
    - target: {fileID: 4403548714536362, guid: 125d1871606ca4da6b9802954a103ada, type: 2}
      propertyPath: m_LocalPosition.y
      value: -0.1
      objectReference: {fileID: 0}
    - target: {fileID: 4403548714536362, guid: 125d1871606ca4da6b9802954a103ada, type: 2}
      propertyPath: m_LocalPosition.z
      value: -9.746059
      objectReference: {fileID: 0}
    - target: {fileID: 4403548714536362, guid: 125d1871606ca4da6b9802954a103ada, type: 2}
      propertyPath: m_LocalRotation.x
      value: 0
      objectReference: {fileID: 0}
    - target: {fileID: 4403548714536362, guid: 125d1871606ca4da6b9802954a103ada, type: 2}
      propertyPath: m_LocalRotation.y
      value: 0
      objectReference: {fileID: 0}
    - target: {fileID: 4403548714536362, guid: 125d1871606ca4da6b9802954a103ada, type: 2}
      propertyPath: m_LocalRotation.z
      value: 0
      objectReference: {fileID: 0}
    - target: {fileID: 4403548714536362, guid: 125d1871606ca4da6b9802954a103ada, type: 2}
      propertyPath: m_LocalRotation.w
      value: 1
      objectReference: {fileID: 0}
    - target: {fileID: 4403548714536362, guid: 125d1871606ca4da6b9802954a103ada, type: 2}
      propertyPath: m_RootOrder
      value: 4
      objectReference: {fileID: 0}
    m_RemovedComponents: []
  m_SourcePrefab: {fileID: 100100000, guid: 125d1871606ca4da6b9802954a103ada, type: 2}
  m_IsPrefabAsset: 0
--- !u!1001 &148743504
Prefab:
  m_ObjectHideFlags: 0
  serializedVersion: 2
  m_Modification:
    m_TransformParent: {fileID: 0}
    m_Modifications:
    - target: {fileID: 4401755595451770, guid: 67503322edc484be98150cbe39fee459, type: 2}
      propertyPath: m_LocalPosition.x
      value: 526.57874
      objectReference: {fileID: 0}
    - target: {fileID: 4401755595451770, guid: 67503322edc484be98150cbe39fee459, type: 2}
      propertyPath: m_LocalPosition.y
      value: 318.5417
      objectReference: {fileID: 0}
    - target: {fileID: 4401755595451770, guid: 67503322edc484be98150cbe39fee459, type: 2}
      propertyPath: m_LocalPosition.z
      value: -1.6720469
      objectReference: {fileID: 0}
    - target: {fileID: 4401755595451770, guid: 67503322edc484be98150cbe39fee459, type: 2}
      propertyPath: m_LocalRotation.x
      value: 0
      objectReference: {fileID: 0}
    - target: {fileID: 4401755595451770, guid: 67503322edc484be98150cbe39fee459, type: 2}
      propertyPath: m_LocalRotation.y
      value: 0
      objectReference: {fileID: 0}
    - target: {fileID: 4401755595451770, guid: 67503322edc484be98150cbe39fee459, type: 2}
      propertyPath: m_LocalRotation.z
      value: 0
      objectReference: {fileID: 0}
    - target: {fileID: 4401755595451770, guid: 67503322edc484be98150cbe39fee459, type: 2}
      propertyPath: m_LocalRotation.w
      value: 1
      objectReference: {fileID: 0}
    - target: {fileID: 4401755595451770, guid: 67503322edc484be98150cbe39fee459, type: 2}
      propertyPath: m_RootOrder
      value: 0
      objectReference: {fileID: 0}
    m_RemovedComponents:
    - {fileID: 114399463520988508, guid: 67503322edc484be98150cbe39fee459, type: 2}
  m_SourcePrefab: {fileID: 100100000, guid: 67503322edc484be98150cbe39fee459, type: 2}
  m_IsPrefabAsset: 0
--- !u!1001 &424215935
Prefab:
  m_ObjectHideFlags: 0
  serializedVersion: 2
  m_Modification:
    m_TransformParent: {fileID: 0}
    m_Modifications:
    - target: {fileID: 4368924312419464, guid: 35093f2b134ee491596873b9b132d8bf, type: 2}
      propertyPath: m_LocalPosition.x
      value: 10.17
      objectReference: {fileID: 0}
    - target: {fileID: 4368924312419464, guid: 35093f2b134ee491596873b9b132d8bf, type: 2}
      propertyPath: m_LocalPosition.y
      value: -1.9
      objectReference: {fileID: 0}
    - target: {fileID: 4368924312419464, guid: 35093f2b134ee491596873b9b132d8bf, type: 2}
      propertyPath: m_LocalPosition.z
      value: -10
      objectReference: {fileID: 0}
    - target: {fileID: 4368924312419464, guid: 35093f2b134ee491596873b9b132d8bf, type: 2}
      propertyPath: m_LocalRotation.x
      value: 0
      objectReference: {fileID: 0}
    - target: {fileID: 4368924312419464, guid: 35093f2b134ee491596873b9b132d8bf, type: 2}
      propertyPath: m_LocalRotation.y
      value: 0
      objectReference: {fileID: 0}
    - target: {fileID: 4368924312419464, guid: 35093f2b134ee491596873b9b132d8bf, type: 2}
      propertyPath: m_LocalRotation.z
      value: 0
      objectReference: {fileID: 0}
    - target: {fileID: 4368924312419464, guid: 35093f2b134ee491596873b9b132d8bf, type: 2}
      propertyPath: m_LocalRotation.w
      value: 1
      objectReference: {fileID: 0}
    - target: {fileID: 4368924312419464, guid: 35093f2b134ee491596873b9b132d8bf, type: 2}
      propertyPath: m_RootOrder
      value: 6
      objectReference: {fileID: 0}
    m_RemovedComponents: []
  m_SourcePrefab: {fileID: 100100000, guid: 35093f2b134ee491596873b9b132d8bf, type: 2}
  m_IsPrefabAsset: 0
--- !u!1001 &609685487
Prefab:
  m_ObjectHideFlags: 0
  serializedVersion: 2
  m_Modification:
    m_TransformParent: {fileID: 0}
    m_Modifications:
    - target: {fileID: 114244848584107752, guid: 55558effeae424d748b60a92261f98a3,
        type: 2}
      propertyPath: UiButtons.Array.size
      value: 24
      objectReference: {fileID: 0}
    - target: {fileID: 4455307214632028, guid: 55558effeae424d748b60a92261f98a3, type: 2}
      propertyPath: m_LocalPosition.x
      value: 14.837643
      objectReference: {fileID: 0}
    - target: {fileID: 4455307214632028, guid: 55558effeae424d748b60a92261f98a3, type: 2}
      propertyPath: m_LocalPosition.y
      value: -10.567958
      objectReference: {fileID: 0}
    - target: {fileID: 4455307214632028, guid: 55558effeae424d748b60a92261f98a3, type: 2}
      propertyPath: m_LocalPosition.z
      value: -0.9878558
      objectReference: {fileID: 0}
    - target: {fileID: 4455307214632028, guid: 55558effeae424d748b60a92261f98a3, type: 2}
      propertyPath: m_LocalRotation.x
      value: 0
      objectReference: {fileID: 0}
    - target: {fileID: 4455307214632028, guid: 55558effeae424d748b60a92261f98a3, type: 2}
      propertyPath: m_LocalRotation.y
      value: 0
      objectReference: {fileID: 0}
    - target: {fileID: 4455307214632028, guid: 55558effeae424d748b60a92261f98a3, type: 2}
      propertyPath: m_LocalRotation.z
      value: 0
      objectReference: {fileID: 0}
    - target: {fileID: 4455307214632028, guid: 55558effeae424d748b60a92261f98a3, type: 2}
      propertyPath: m_LocalRotation.w
      value: 1
      objectReference: {fileID: 0}
    - target: {fileID: 4455307214632028, guid: 55558effeae424d748b60a92261f98a3, type: 2}
      propertyPath: m_RootOrder
      value: 3
      objectReference: {fileID: 0}
    - target: {fileID: 114244848584107752, guid: 55558effeae424d748b60a92261f98a3,
        type: 2}
      propertyPath: UiButtons.Array.data[0].Name
      value: KEYBOARD W
      objectReference: {fileID: 0}
    - target: {fileID: 114244848584107752, guid: 55558effeae424d748b60a92261f98a3,
        type: 2}
      propertyPath: UiButtons.Array.data[0].ButtonSprite
      value: 
      objectReference: {fileID: 21300014, guid: c9d07f40b986a41b2a434183b343f7bb,
        type: 3}
    - target: {fileID: 114244848584107752, guid: 55558effeae424d748b60a92261f98a3,
        type: 2}
      propertyPath: UiButtons.Array.data[1].Name
      value: KEYBOARD A
      objectReference: {fileID: 0}
    - target: {fileID: 114244848584107752, guid: 55558effeae424d748b60a92261f98a3,
        type: 2}
      propertyPath: UiButtons.Array.data[1].ButtonSprite
      value: 
      objectReference: {fileID: 21300012, guid: c9d07f40b986a41b2a434183b343f7bb,
        type: 3}
    - target: {fileID: 114244848584107752, guid: 55558effeae424d748b60a92261f98a3,
        type: 2}
      propertyPath: UiButtons.Array.data[2].Name
      value: KEYBOARD S
      objectReference: {fileID: 0}
    - target: {fileID: 114244848584107752, guid: 55558effeae424d748b60a92261f98a3,
        type: 2}
      propertyPath: UiButtons.Array.data[2].ButtonSprite
      value: 
      objectReference: {fileID: 21300028, guid: c9d07f40b986a41b2a434183b343f7bb,
        type: 3}
    - target: {fileID: 114244848584107752, guid: 55558effeae424d748b60a92261f98a3,
        type: 2}
      propertyPath: UiButtons.Array.data[3].Name
      value: KEYBOARD D
      objectReference: {fileID: 0}
    - target: {fileID: 114244848584107752, guid: 55558effeae424d748b60a92261f98a3,
        type: 2}
      propertyPath: UiButtons.Array.data[3].ButtonSprite
      value: 
      objectReference: {fileID: 21300030, guid: c9d07f40b986a41b2a434183b343f7bb,
        type: 3}
    - target: {fileID: 114244848584107752, guid: 55558effeae424d748b60a92261f98a3,
        type: 2}
      propertyPath: UiButtons.Array.data[4].Name
      value: KEYBOARD I
      objectReference: {fileID: 0}
    - target: {fileID: 114244848584107752, guid: 55558effeae424d748b60a92261f98a3,
        type: 2}
      propertyPath: UiButtons.Array.data[4].ButtonSprite
      value: 
      objectReference: {fileID: 21300016, guid: f6cce7fb4cd5247afa66d281cbb0be62,
        type: 3}
    - target: {fileID: 114244848584107752, guid: 55558effeae424d748b60a92261f98a3,
        type: 2}
      propertyPath: UiButtons.Array.data[5].Name
      value: KEYBOARD J
      objectReference: {fileID: 0}
    - target: {fileID: 114244848584107752, guid: 55558effeae424d748b60a92261f98a3,
        type: 2}
      propertyPath: UiButtons.Array.data[5].ButtonSprite
      value: 
      objectReference: {fileID: 21300022, guid: f6cce7fb4cd5247afa66d281cbb0be62,
        type: 3}
    - target: {fileID: 114244848584107752, guid: 55558effeae424d748b60a92261f98a3,
        type: 2}
      propertyPath: UiButtons.Array.data[6].Name
      value: KEYBOARD K
      objectReference: {fileID: 0}
    - target: {fileID: 114244848584107752, guid: 55558effeae424d748b60a92261f98a3,
        type: 2}
      propertyPath: UiButtons.Array.data[6].ButtonSprite
      value: 
      objectReference: {fileID: 21300018, guid: f6cce7fb4cd5247afa66d281cbb0be62,
        type: 3}
    - target: {fileID: 114244848584107752, guid: 55558effeae424d748b60a92261f98a3,
        type: 2}
      propertyPath: UiButtons.Array.data[7].Name
      value: KEYBOARD L
      objectReference: {fileID: 0}
    - target: {fileID: 114244848584107752, guid: 55558effeae424d748b60a92261f98a3,
        type: 2}
      propertyPath: UiButtons.Array.data[7].ButtonSprite
      value: 
      objectReference: {fileID: 21300020, guid: f6cce7fb4cd5247afa66d281cbb0be62,
        type: 3}
    - target: {fileID: 114244848584107752, guid: 55558effeae424d748b60a92261f98a3,
        type: 2}
      propertyPath: UiButtons.Array.data[8].Name
      value: KEYBOARD ARR_UP
      objectReference: {fileID: 0}
    - target: {fileID: 114244848584107752, guid: 55558effeae424d748b60a92261f98a3,
        type: 2}
      propertyPath: UiButtons.Array.data[8].ButtonSprite
      value: 
      objectReference: {fileID: 21300006, guid: c9d07f40b986a41b2a434183b343f7bb,
        type: 3}
    - target: {fileID: 114244848584107752, guid: 55558effeae424d748b60a92261f98a3,
        type: 2}
      propertyPath: UiButtons.Array.data[9].Name
      value: KEYBOARD ARR_RIGHT
      objectReference: {fileID: 0}
    - target: {fileID: 114244848584107752, guid: 55558effeae424d748b60a92261f98a3,
        type: 2}
      propertyPath: UiButtons.Array.data[9].ButtonSprite
      value: 
      objectReference: {fileID: 21300016, guid: c9d07f40b986a41b2a434183b343f7bb,
        type: 3}
    - target: {fileID: 114244848584107752, guid: 55558effeae424d748b60a92261f98a3,
        type: 2}
      propertyPath: UiButtons.Array.data[10].Name
      value: KEYBOARD ARR_DOWN
      objectReference: {fileID: 0}
    - target: {fileID: 114244848584107752, guid: 55558effeae424d748b60a92261f98a3,
        type: 2}
      propertyPath: UiButtons.Array.data[10].ButtonSprite
      value: 
      objectReference: {fileID: 21300010, guid: c9d07f40b986a41b2a434183b343f7bb,
        type: 3}
    - target: {fileID: 114244848584107752, guid: 55558effeae424d748b60a92261f98a3,
        type: 2}
      propertyPath: UiButtons.Array.data[11].Name
      value: KEYBOARD ARR_LEFT
      objectReference: {fileID: 0}
    - target: {fileID: 114244848584107752, guid: 55558effeae424d748b60a92261f98a3,
        type: 2}
      propertyPath: UiButtons.Array.data[11].ButtonSprite
      value: 
      objectReference: {fileID: 21300008, guid: c9d07f40b986a41b2a434183b343f7bb,
        type: 3}
    - target: {fileID: 114244848584107752, guid: 55558effeae424d748b60a92261f98a3,
        type: 2}
      propertyPath: UiButtons.Array.data[12].Name
      value: XBOX ACTION 1
      objectReference: {fileID: 0}
    - target: {fileID: 114244848584107752, guid: 55558effeae424d748b60a92261f98a3,
        type: 2}
      propertyPath: UiButtons.Array.data[12].ButtonSprite
      value: 
      objectReference: {fileID: 21300036, guid: c9d07f40b986a41b2a434183b343f7bb,
        type: 3}
    - target: {fileID: 114244848584107752, guid: 55558effeae424d748b60a92261f98a3,
        type: 2}
      propertyPath: UiButtons.Array.data[13].Name
      value: XBOX ACTION 2
      objectReference: {fileID: 0}
    - target: {fileID: 114244848584107752, guid: 55558effeae424d748b60a92261f98a3,
        type: 2}
      propertyPath: UiButtons.Array.data[13].ButtonSprite
      value: 
      objectReference: {fileID: 21300034, guid: c9d07f40b986a41b2a434183b343f7bb,
        type: 3}
    - target: {fileID: 114244848584107752, guid: 55558effeae424d748b60a92261f98a3,
        type: 2}
      propertyPath: UiButtons.Array.data[14].Name
      value: XBOX ACTION 3
      objectReference: {fileID: 0}
    - target: {fileID: 114244848584107752, guid: 55558effeae424d748b60a92261f98a3,
        type: 2}
      propertyPath: UiButtons.Array.data[14].ButtonSprite
      value: 
      objectReference: {fileID: 21300032, guid: c9d07f40b986a41b2a434183b343f7bb,
        type: 3}
    - target: {fileID: 114244848584107752, guid: 55558effeae424d748b60a92261f98a3,
        type: 2}
      propertyPath: UiButtons.Array.data[15].Name
      value: XBOX ACTION 4
      objectReference: {fileID: 0}
    - target: {fileID: 114244848584107752, guid: 55558effeae424d748b60a92261f98a3,
        type: 2}
      propertyPath: UiButtons.Array.data[15].ButtonSprite
      value: 
      objectReference: {fileID: 21300046, guid: c9d07f40b986a41b2a434183b343f7bb,
        type: 3}
    - target: {fileID: 114244848584107752, guid: 55558effeae424d748b60a92261f98a3,
        type: 2}
      propertyPath: UiButtons.Array.data[16].Name
      value: XBOX R1
      objectReference: {fileID: 0}
    - target: {fileID: 114244848584107752, guid: 55558effeae424d748b60a92261f98a3,
        type: 2}
      propertyPath: UiButtons.Array.data[16].ButtonSprite
      value: 
      objectReference: {fileID: 21300000, guid: 5782afd113f9b462ba001e170d31a9d3,
        type: 3}
    - target: {fileID: 114244848584107752, guid: 55558effeae424d748b60a92261f98a3,
        type: 2}
      propertyPath: UiButtons.Array.data[17].Name
      value: XBOX R2
      objectReference: {fileID: 0}
    - target: {fileID: 114244848584107752, guid: 55558effeae424d748b60a92261f98a3,
        type: 2}
      propertyPath: UiButtons.Array.data[17].ButtonSprite
      value: 
      objectReference: {fileID: 21300070, guid: c9d07f40b986a41b2a434183b343f7bb,
        type: 3}
    - target: {fileID: 114244848584107752, guid: 55558effeae424d748b60a92261f98a3,
        type: 2}
      propertyPath: UiButtons.Array.data[18].Name
      value: XBOX L1
      objectReference: {fileID: 0}
    - target: {fileID: 114244848584107752, guid: 55558effeae424d748b60a92261f98a3,
        type: 2}
      propertyPath: UiButtons.Array.data[18].ButtonSprite
      value: 
      objectReference: {fileID: 21300036, guid: c9d07f40b986a41b2a434183b343f7bb,
        type: 3}
    - target: {fileID: 114244848584107752, guid: 55558effeae424d748b60a92261f98a3,
        type: 2}
      propertyPath: UiButtons.Array.data[19].Name
      value: XBOX L2
      objectReference: {fileID: 0}
    - target: {fileID: 114244848584107752, guid: 55558effeae424d748b60a92261f98a3,
        type: 2}
      propertyPath: UiButtons.Array.data[19].ButtonSprite
      value: 
      objectReference: {fileID: 21300066, guid: c9d07f40b986a41b2a434183b343f7bb,
        type: 3}
    - target: {fileID: 114244848584107752, guid: 55558effeae424d748b60a92261f98a3,
        type: 2}
      propertyPath: UiButtons.Array.data[20].Name
      value: DS3 ACTION 1
      objectReference: {fileID: 0}
    - target: {fileID: 114244848584107752, guid: 55558effeae424d748b60a92261f98a3,
        type: 2}
      propertyPath: UiButtons.Array.data[20].ButtonSprite
      value: 
      objectReference: {fileID: 21300038, guid: c9d07f40b986a41b2a434183b343f7bb,
        type: 3}
    - target: {fileID: 114244848584107752, guid: 55558effeae424d748b60a92261f98a3,
        type: 2}
      propertyPath: UiButtons.Array.data[21].Name
      value: DS3 ACTION 2
      objectReference: {fileID: 0}
    - target: {fileID: 114244848584107752, guid: 55558effeae424d748b60a92261f98a3,
        type: 2}
      propertyPath: UiButtons.Array.data[21].ButtonSprite
      value: 
      objectReference: {fileID: 21300040, guid: c9d07f40b986a41b2a434183b343f7bb,
        type: 3}
    - target: {fileID: 114244848584107752, guid: 55558effeae424d748b60a92261f98a3,
        type: 2}
      propertyPath: UiButtons.Array.data[22].Name
      value: DS3 ACTION 3
      objectReference: {fileID: 0}
    - target: {fileID: 114244848584107752, guid: 55558effeae424d748b60a92261f98a3,
        type: 2}
      propertyPath: UiButtons.Array.data[22].ButtonSprite
      value: 
      objectReference: {fileID: 21300044, guid: c9d07f40b986a41b2a434183b343f7bb,
        type: 3}
    - target: {fileID: 114244848584107752, guid: 55558effeae424d748b60a92261f98a3,
        type: 2}
      propertyPath: UiButtons.Array.data[23].Name
      value: DS3 ACTION 4
      objectReference: {fileID: 0}
    - target: {fileID: 114244848584107752, guid: 55558effeae424d748b60a92261f98a3,
        type: 2}
      propertyPath: UiButtons.Array.data[23].ButtonSprite
      value: 
      objectReference: {fileID: 21300042, guid: c9d07f40b986a41b2a434183b343f7bb,
        type: 3}
    m_RemovedComponents: []
  m_SourcePrefab: {fileID: 100100000, guid: 55558effeae424d748b60a92261f98a3, type: 2}
  m_IsPrefabAsset: 0
--- !u!1 &857839325
GameObject:
  m_ObjectHideFlags: 0
  m_CorrespondingSourceObject: {fileID: 0}
  m_PrefabInternal: {fileID: 0}
  serializedVersion: 6
  m_Component:
  - component: {fileID: 857839326}
  m_Layer: 5
  m_Name: Body
  m_TagString: Untagged
  m_Icon: {fileID: 0}
  m_NavMeshLayer: 0
  m_StaticEditorFlags: 0
  m_IsActive: 1
--- !u!224 &857839326
RectTransform:
  m_ObjectHideFlags: 0
  m_CorrespondingSourceObject: {fileID: 0}
  m_PrefabInternal: {fileID: 0}
  m_GameObject: {fileID: 857839325}
  m_LocalRotation: {x: 0, y: 0, z: 0, w: 1}
  m_LocalPosition: {x: 0, y: 0, z: 0}
  m_LocalScale: {x: 1, y: 1, z: 1}
  m_Children:
  - {fileID: 942669145}
  - {fileID: 1940447043}
  m_Father: {fileID: 2081761776}
  m_RootOrder: 1
  m_LocalEulerAnglesHint: {x: 0, y: 0, z: 0}
  m_AnchorMin: {x: 0, y: 0}
  m_AnchorMax: {x: 1, y: 0.7997527}
  m_AnchoredPosition: {x: -0.25, y: 0.3499756}
  m_SizeDelta: {x: -0.5, y: -0.3}
  m_Pivot: {x: 0.5, y: 0.5}
--- !u!1 &942669144
GameObject:
  m_ObjectHideFlags: 0
  m_CorrespondingSourceObject: {fileID: 0}
  m_PrefabInternal: {fileID: 0}
  serializedVersion: 6
  m_Component:
  - component: {fileID: 942669145}
  - component: {fileID: 942669147}
  - component: {fileID: 942669146}
  m_Layer: 5
  m_Name: Version
  m_TagString: Untagged
  m_Icon: {fileID: 0}
  m_NavMeshLayer: 0
  m_StaticEditorFlags: 0
  m_IsActive: 1
--- !u!224 &942669145
RectTransform:
  m_ObjectHideFlags: 0
  m_CorrespondingSourceObject: {fileID: 0}
  m_PrefabInternal: {fileID: 0}
  m_GameObject: {fileID: 942669144}
  m_LocalRotation: {x: 0, y: 0, z: 0, w: 1}
  m_LocalPosition: {x: 0, y: 0, z: 0}
  m_LocalScale: {x: 1, y: 1, z: 1}
  m_Children: []
  m_Father: {fileID: 857839326}
  m_RootOrder: 0
  m_LocalEulerAnglesHint: {x: 0, y: 0, z: 0}
  m_AnchorMin: {x: 1, y: 0}
  m_AnchorMax: {x: 1, y: 0}
  m_AnchoredPosition: {x: -92.5, y: 17.45}
  m_SizeDelta: {x: 185, y: 34.89}
  m_Pivot: {x: 0.5, y: 0.5}
--- !u!114 &942669146
MonoBehaviour:
  m_ObjectHideFlags: 0
  m_CorrespondingSourceObject: {fileID: 0}
  m_PrefabInternal: {fileID: 0}
  m_GameObject: {fileID: 942669144}
  m_Enabled: 1
  m_EditorHideFlags: 0
  m_Script: {fileID: 708705254, guid: f70555f144d8491a825f0804e09c671c, type: 3}
  m_Name: 
  m_EditorClassIdentifier: 
  m_Material: {fileID: 0}
  m_Color: {r: 0.8773585, g: 0.8773585, b: 0.8773585, a: 1}
  m_RaycastTarget: 1
  m_OnCullStateChanged:
    m_PersistentCalls:
      m_Calls: []
    m_TypeName: UnityEngine.UI.MaskableGraphic+CullStateChangedEvent, UnityEngine.UI,
      Version=1.0.0.0, Culture=neutral, PublicKeyToken=null
  m_FontData:
    m_Font: {fileID: 12800000, guid: 1b3e3a77163194327b8dca81b6b2d6c7, type: 3}
    m_FontSize: 14
    m_FontStyle: 0
    m_BestFit: 1
    m_MinSize: 10
    m_MaxSize: 40
    m_Alignment: 5
    m_AlignByGeometry: 1
    m_RichText: 1
    m_HorizontalOverflow: 0
    m_VerticalOverflow: 0
    m_LineSpacing: 1
  m_Text: ' early pre-alpha build '
--- !u!222 &942669147
CanvasRenderer:
  m_ObjectHideFlags: 0
  m_CorrespondingSourceObject: {fileID: 0}
  m_PrefabInternal: {fileID: 0}
  m_GameObject: {fileID: 942669144}
  m_CullTransparentMesh: 0
--- !u!1 &1627643744
GameObject:
  m_ObjectHideFlags: 0
  m_CorrespondingSourceObject: {fileID: 0}
  m_PrefabInternal: {fileID: 0}
  serializedVersion: 6
  m_Component:
  - component: {fileID: 1627643745}
  - component: {fileID: 1627643747}
  - component: {fileID: 1627643746}
  m_Layer: 5
  m_Name: Text
  m_TagString: Untagged
  m_Icon: {fileID: 0}
  m_NavMeshLayer: 0
  m_StaticEditorFlags: 0
  m_IsActive: 1
--- !u!224 &1627643745
RectTransform:
  m_ObjectHideFlags: 0
  m_CorrespondingSourceObject: {fileID: 0}
  m_PrefabInternal: {fileID: 0}
  m_GameObject: {fileID: 1627643744}
  m_LocalRotation: {x: -0, y: -0, z: -0, w: 1}
  m_LocalPosition: {x: 0, y: 0, z: 0}
  m_LocalScale: {x: 1, y: 1, z: 1}
  m_Children: []
  m_Father: {fileID: 1940482824}
  m_RootOrder: 0
  m_LocalEulerAnglesHint: {x: 0, y: 0, z: 0}
  m_AnchorMin: {x: 0, y: 1}
  m_AnchorMax: {x: 1, y: 1}
  m_AnchoredPosition: {x: 0.012451172, y: 0}
  m_SizeDelta: {x: 0, y: 91.8}
  m_Pivot: {x: 0.5, y: 1}
--- !u!114 &1627643746
MonoBehaviour:
  m_ObjectHideFlags: 0
  m_CorrespondingSourceObject: {fileID: 0}
  m_PrefabInternal: {fileID: 0}
  m_GameObject: {fileID: 1627643744}
  m_Enabled: 1
  m_EditorHideFlags: 0
  m_Script: {fileID: 708705254, guid: f70555f144d8491a825f0804e09c671c, type: 3}
  m_Name: 
  m_EditorClassIdentifier: 
  m_Material: {fileID: 0}
  m_Color: {r: 0.9607843, g: 1, b: 0.9882353, a: 1}
  m_RaycastTarget: 1
  m_OnCullStateChanged:
    m_PersistentCalls:
      m_Calls: []
    m_TypeName: UnityEngine.UI.MaskableGraphic+CullStateChangedEvent, UnityEngine.UI,
      Version=1.0.0.0, Culture=neutral, PublicKeyToken=null
  m_FontData:
    m_Font: {fileID: 12800000, guid: 1b3e3a77163194327b8dca81b6b2d6c7, type: 3}
    m_FontSize: 14
    m_FontStyle: 0
    m_BestFit: 1
    m_MinSize: 10
    m_MaxSize: 300
    m_Alignment: 7
    m_AlignByGeometry: 1
    m_RichText: 1
    m_HorizontalOverflow: 0
    m_VerticalOverflow: 0
    m_LineSpacing: 1
  m_Text: Bros in Colors
--- !u!222 &1627643747
CanvasRenderer:
  m_ObjectHideFlags: 0
  m_CorrespondingSourceObject: {fileID: 0}
  m_PrefabInternal: {fileID: 0}
  m_GameObject: {fileID: 1627643744}
  m_CullTransparentMesh: 0
--- !u!1001 &1648391628
Prefab:
  m_ObjectHideFlags: 0
  serializedVersion: 2
  m_Modification:
    m_TransformParent: {fileID: 0}
    m_Modifications:
    - target: {fileID: 4070184412734072, guid: a4b78c1bd59644b9abb46dd8452f5884, type: 2}
      propertyPath: m_LocalPosition.x
      value: 413.2942
      objectReference: {fileID: 0}
    - target: {fileID: 4070184412734072, guid: a4b78c1bd59644b9abb46dd8452f5884, type: 2}
      propertyPath: m_LocalPosition.y
      value: 246.56152
      objectReference: {fileID: 0}
    - target: {fileID: 4070184412734072, guid: a4b78c1bd59644b9abb46dd8452f5884, type: 2}
      propertyPath: m_LocalPosition.z
      value: -12.209721
      objectReference: {fileID: 0}
    - target: {fileID: 4070184412734072, guid: a4b78c1bd59644b9abb46dd8452f5884, type: 2}
      propertyPath: m_LocalRotation.x
      value: 0
      objectReference: {fileID: 0}
    - target: {fileID: 4070184412734072, guid: a4b78c1bd59644b9abb46dd8452f5884, type: 2}
      propertyPath: m_LocalRotation.y
      value: 0
      objectReference: {fileID: 0}
    - target: {fileID: 4070184412734072, guid: a4b78c1bd59644b9abb46dd8452f5884, type: 2}
      propertyPath: m_LocalRotation.z
      value: 0
      objectReference: {fileID: 0}
    - target: {fileID: 4070184412734072, guid: a4b78c1bd59644b9abb46dd8452f5884, type: 2}
      propertyPath: m_LocalRotation.w
      value: 1
      objectReference: {fileID: 0}
    - target: {fileID: 4070184412734072, guid: a4b78c1bd59644b9abb46dd8452f5884, type: 2}
      propertyPath: m_RootOrder
      value: 2
      objectReference: {fileID: 0}
    m_RemovedComponents: []
  m_SourcePrefab: {fileID: 100100000, guid: a4b78c1bd59644b9abb46dd8452f5884, type: 2}
  m_IsPrefabAsset: 0
--- !u!1 &1940447042
GameObject:
  m_ObjectHideFlags: 0
  m_CorrespondingSourceObject: {fileID: 0}
  m_PrefabInternal: {fileID: 0}
  serializedVersion: 6
  m_Component:
  - component: {fileID: 1940447043}
  - component: {fileID: 1940447045}
  - component: {fileID: 1940447044}
  m_Layer: 5
  m_Name: Text
  m_TagString: Untagged
  m_Icon: {fileID: 0}
  m_NavMeshLayer: 0
  m_StaticEditorFlags: 0
  m_IsActive: 1
--- !u!224 &1940447043
RectTransform:
  m_ObjectHideFlags: 0
  m_CorrespondingSourceObject: {fileID: 0}
  m_PrefabInternal: {fileID: 0}
  m_GameObject: {fileID: 1940447042}
  m_LocalRotation: {x: 0, y: 0, z: 0, w: 1}
  m_LocalPosition: {x: 0, y: 0, z: 0}
  m_LocalScale: {x: 1, y: 1, z: 1}
  m_Children: []
  m_Father: {fileID: 857839326}
  m_RootOrder: 1
  m_LocalEulerAnglesHint: {x: 0, y: 0, z: 0}
  m_AnchorMin: {x: 0.19875236, y: 0.44662786}
  m_AnchorMax: {x: 0.7987492, y: 0.54862785}
  m_AnchoredPosition: {x: -1, y: 0.0025024414}
  m_SizeDelta: {x: -2, y: 0.0049934}
  m_Pivot: {x: 0.5, y: 0.5}
--- !u!114 &1940447044
MonoBehaviour:
  m_ObjectHideFlags: 0
  m_CorrespondingSourceObject: {fileID: 0}
  m_PrefabInternal: {fileID: 0}
  m_GameObject: {fileID: 1940447042}
  m_Enabled: 1
  m_EditorHideFlags: 0
  m_Script: {fileID: 708705254, guid: f70555f144d8491a825f0804e09c671c, type: 3}
  m_Name: 
  m_EditorClassIdentifier: 
  m_Material: {fileID: 0}
  m_Color: {r: 1, g: 1, b: 1, a: 1}
  m_RaycastTarget: 1
  m_OnCullStateChanged:
    m_PersistentCalls:
      m_Calls: []
    m_TypeName: UnityEngine.UI.MaskableGraphic+CullStateChangedEvent, UnityEngine.UI,
      Version=1.0.0.0, Culture=neutral, PublicKeyToken=null
  m_FontData:
    m_Font: {fileID: 12800000, guid: 1359efc1bb6fb4770b170a0cef9be30c, type: 3}
    m_FontSize: 14
    m_FontStyle: 0
    m_BestFit: 1
    m_MinSize: 10
    m_MaxSize: 300
    m_Alignment: 4
    m_AlignByGeometry: 0
    m_RichText: 1
    m_HorizontalOverflow: 0
    m_VerticalOverflow: 0
    m_LineSpacing: 1
  m_Text: "\u043F\u043E\u0436\u0430\u043B\u043A\u0443\u0439\u0441\u0442\u0430 \u043F\u043E\u0434\u043E\u0436\u0434\u0438\u0442\u0435,
    \u0438\u0434\u0435\u0442 \u0437\u0430\u0433\u0440\u0443\u0437\u043A\u0430..."
--- !u!222 &1940447045
CanvasRenderer:
  m_ObjectHideFlags: 0
  m_CorrespondingSourceObject: {fileID: 0}
  m_PrefabInternal: {fileID: 0}
  m_GameObject: {fileID: 1940447042}
  m_CullTransparentMesh: 0
--- !u!1 &1940482823
GameObject:
  m_ObjectHideFlags: 0
  m_CorrespondingSourceObject: {fileID: 0}
  m_PrefabInternal: {fileID: 0}
  serializedVersion: 6
  m_Component:
  - component: {fileID: 1940482824}
  m_Layer: 5
  m_Name: Header
  m_TagString: Untagged
  m_Icon: {fileID: 0}
  m_NavMeshLayer: 0
  m_StaticEditorFlags: 0
  m_IsActive: 1
--- !u!224 &1940482824
RectTransform:
  m_ObjectHideFlags: 0
  m_CorrespondingSourceObject: {fileID: 0}
  m_PrefabInternal: {fileID: 0}
  m_GameObject: {fileID: 1940482823}
  m_LocalRotation: {x: 0, y: 0, z: 0, w: 1}
  m_LocalPosition: {x: 0, y: 0, z: 0}
  m_LocalScale: {x: 1, y: 1, z: 1}
  m_Children:
  - {fileID: 1627643745}
  m_Father: {fileID: 2081761776}
  m_RootOrder: 0
  m_LocalEulerAnglesHint: {x: 0, y: 0, z: 0}
  m_AnchorMin: {x: 0, y: 0.7997527}
  m_AnchorMax: {x: 1, y: 1}
  m_AnchoredPosition: {x: 0, y: 0}
  m_SizeDelta: {x: -1, y: 0}
  m_Pivot: {x: 0.5, y: 0.5}
--- !u!1 &2081761772
GameObject:
  m_ObjectHideFlags: 0
  m_CorrespondingSourceObject: {fileID: 0}
  m_PrefabInternal: {fileID: 0}
  serializedVersion: 6
  m_Component:
  - component: {fileID: 2081761776}
  - component: {fileID: 2081761775}
  - component: {fileID: 2081761774}
  - component: {fileID: 2081761773}
  - component: {fileID: 2081761777}
  m_Layer: 5
  m_Name: MainMenu
  m_TagString: Untagged
  m_Icon: {fileID: 0}
  m_NavMeshLayer: 0
  m_StaticEditorFlags: 0
  m_IsActive: 1
--- !u!114 &2081761773
MonoBehaviour:
  m_ObjectHideFlags: 0
  m_CorrespondingSourceObject: {fileID: 0}
  m_PrefabInternal: {fileID: 0}
  m_GameObject: {fileID: 2081761772}
  m_Enabled: 1
  m_EditorHideFlags: 0
  m_Script: {fileID: 1301386320, guid: f70555f144d8491a825f0804e09c671c, type: 3}
  m_Name: 
  m_EditorClassIdentifier: 
  m_IgnoreReversedGraphics: 1
  m_BlockingObjects: 0
  m_BlockingMask:
    serializedVersion: 2
    m_Bits: 4294967295
--- !u!114 &2081761774
MonoBehaviour:
  m_ObjectHideFlags: 0
  m_CorrespondingSourceObject: {fileID: 0}
  m_PrefabInternal: {fileID: 0}
  m_GameObject: {fileID: 2081761772}
  m_Enabled: 1
  m_EditorHideFlags: 0
  m_Script: {fileID: 1980459831, guid: f70555f144d8491a825f0804e09c671c, type: 3}
  m_Name: 
  m_EditorClassIdentifier: 
  m_UiScaleMode: 1
  m_ReferencePixelsPerUnit: 100
  m_ScaleFactor: 1
  m_ReferenceResolution: {x: 800, y: 600}
  m_ScreenMatchMode: 0
  m_MatchWidthOrHeight: 0
  m_PhysicalUnit: 3
  m_FallbackScreenDPI: 96
  m_DefaultSpriteDPI: 96
  m_DynamicPixelsPerUnit: 1
--- !u!223 &2081761775
Canvas:
  m_ObjectHideFlags: 0
  m_CorrespondingSourceObject: {fileID: 0}
  m_PrefabInternal: {fileID: 0}
  m_GameObject: {fileID: 2081761772}
  m_Enabled: 1
  serializedVersion: 3
  m_RenderMode: 0
  m_Camera: {fileID: 0}
  m_PlaneDistance: 100
  m_PixelPerfect: 0
  m_ReceivesEvents: 1
  m_OverrideSorting: 0
  m_OverridePixelPerfect: 0
  m_SortingBucketNormalizedSize: 0
  m_AdditionalShaderChannelsFlag: 25
  m_SortingLayerID: 0
  m_SortingOrder: 0
  m_TargetDisplay: 0
--- !u!224 &2081761776
RectTransform:
  m_ObjectHideFlags: 0
  m_CorrespondingSourceObject: {fileID: 0}
  m_PrefabInternal: {fileID: 0}
  m_GameObject: {fileID: 2081761772}
  m_LocalRotation: {x: 0, y: 0, z: 0, w: 1}
  m_LocalPosition: {x: 0, y: 0, z: 0}
  m_LocalScale: {x: 0, y: 0, z: 0}
  m_Children:
  - {fileID: 1940482824}
  - {fileID: 857839326}
  m_Father: {fileID: 0}
  m_RootOrder: 5
  m_LocalEulerAnglesHint: {x: 0, y: 0, z: 0}
  m_AnchorMin: {x: 0, y: 0}
  m_AnchorMax: {x: 0, y: 0}
  m_AnchoredPosition: {x: 0, y: 0}
  m_SizeDelta: {x: 0, y: 0}
  m_Pivot: {x: 0, y: 0}
--- !u!114 &2081761777
MonoBehaviour:
  m_ObjectHideFlags: 0
  m_CorrespondingSourceObject: {fileID: 0}
  m_PrefabInternal: {fileID: 0}
  m_GameObject: {fileID: 2081761772}
  m_Enabled: 1
  m_EditorHideFlags: 0
  m_Script: {fileID: 11500000, guid: 952b7fa92066c43e2ab5ba37014fe1a8, type: 3}
  m_Name: 
  m_EditorClassIdentifier: 
  SceneToLoad: scene_ui_mainmenu
  PrepareTime: 0.5
  NeedAnyKeyToStart: 0
--- !u!1001 &2133552640
Prefab:
  m_ObjectHideFlags: 0
  serializedVersion: 2
  m_Modification:
    m_TransformParent: {fileID: 0}
    m_Modifications:
    - target: {fileID: 224146226158787208, guid: 942bc168504844f8b98782678d95d90f,
        type: 2}
      propertyPath: m_LocalPosition.x
      value: 0
      objectReference: {fileID: 0}
    - target: {fileID: 224146226158787208, guid: 942bc168504844f8b98782678d95d90f,
        type: 2}
      propertyPath: m_LocalPosition.y
      value: 0
      objectReference: {fileID: 0}
    - target: {fileID: 224146226158787208, guid: 942bc168504844f8b98782678d95d90f,
        type: 2}
      propertyPath: m_LocalPosition.z
      value: 0
      objectReference: {fileID: 0}
    - target: {fileID: 224146226158787208, guid: 942bc168504844f8b98782678d95d90f,
        type: 2}
      propertyPath: m_LocalRotation.x
      value: 0
      objectReference: {fileID: 0}
    - target: {fileID: 224146226158787208, guid: 942bc168504844f8b98782678d95d90f,
        type: 2}
      propertyPath: m_LocalRotation.y
      value: 0
      objectReference: {fileID: 0}
    - target: {fileID: 224146226158787208, guid: 942bc168504844f8b98782678d95d90f,
        type: 2}
      propertyPath: m_LocalRotation.z
      value: 0
      objectReference: {fileID: 0}
    - target: {fileID: 224146226158787208, guid: 942bc168504844f8b98782678d95d90f,
        type: 2}
      propertyPath: m_LocalRotation.w
      value: 1
      objectReference: {fileID: 0}
    - target: {fileID: 224146226158787208, guid: 942bc168504844f8b98782678d95d90f,
        type: 2}
      propertyPath: m_RootOrder
      value: 1
      objectReference: {fileID: 0}
    - target: {fileID: 224146226158787208, guid: 942bc168504844f8b98782678d95d90f,
        type: 2}
      propertyPath: m_AnchoredPosition.x
      value: 0
      objectReference: {fileID: 0}
    - target: {fileID: 224146226158787208, guid: 942bc168504844f8b98782678d95d90f,
        type: 2}
      propertyPath: m_AnchoredPosition.y
      value: 0
      objectReference: {fileID: 0}
    - target: {fileID: 224146226158787208, guid: 942bc168504844f8b98782678d95d90f,
        type: 2}
      propertyPath: m_SizeDelta.x
      value: 0
      objectReference: {fileID: 0}
    - target: {fileID: 224146226158787208, guid: 942bc168504844f8b98782678d95d90f,
        type: 2}
      propertyPath: m_SizeDelta.y
      value: 0
      objectReference: {fileID: 0}
    - target: {fileID: 224146226158787208, guid: 942bc168504844f8b98782678d95d90f,
        type: 2}
      propertyPath: m_AnchorMin.x
      value: 0
      objectReference: {fileID: 0}
    - target: {fileID: 224146226158787208, guid: 942bc168504844f8b98782678d95d90f,
        type: 2}
      propertyPath: m_AnchorMin.y
      value: 0
      objectReference: {fileID: 0}
    - target: {fileID: 224146226158787208, guid: 942bc168504844f8b98782678d95d90f,
        type: 2}
      propertyPath: m_AnchorMax.x
      value: 0
      objectReference: {fileID: 0}
    - target: {fileID: 224146226158787208, guid: 942bc168504844f8b98782678d95d90f,
        type: 2}
      propertyPath: m_AnchorMax.y
      value: 0
      objectReference: {fileID: 0}
    - target: {fileID: 224146226158787208, guid: 942bc168504844f8b98782678d95d90f,
        type: 2}
      propertyPath: m_Pivot.x
      value: 0
      objectReference: {fileID: 0}
    - target: {fileID: 224146226158787208, guid: 942bc168504844f8b98782678d95d90f,
        type: 2}
      propertyPath: m_Pivot.y
      value: 0
      objectReference: {fileID: 0}
    - target: {fileID: 114024335758244770, guid: 942bc168504844f8b98782678d95d90f,
        type: 2}
      propertyPath: m_Color.r
      value: 0.03773582
      objectReference: {fileID: 0}
    - target: {fileID: 114024335758244770, guid: 942bc168504844f8b98782678d95d90f,
        type: 2}
      propertyPath: m_Color.g
      value: 0.03773582
      objectReference: {fileID: 0}
    - target: {fileID: 114024335758244770, guid: 942bc168504844f8b98782678d95d90f,
        type: 2}
      propertyPath: m_Color.b
      value: 0.03773582
      objectReference: {fileID: 0}
    - target: {fileID: 114384445858416160, guid: 942bc168504844f8b98782678d95d90f,
        type: 2}
      propertyPath: FadeInOutTime
      value: 0.3
      objectReference: {fileID: 0}
    - target: {fileID: 225489034757005928, guid: 942bc168504844f8b98782678d95d90f,
        type: 2}
      propertyPath: m_Alpha
      value: 0
      objectReference: {fileID: 0}
    - target: {fileID: 225489034757005928, guid: 942bc168504844f8b98782678d95d90f,
        type: 2}
      propertyPath: m_Interactable
      value: 0
      objectReference: {fileID: 0}
    m_RemovedComponents: []
  m_SourcePrefab: {fileID: 100100000, guid: 942bc168504844f8b98782678d95d90f, type: 2}
  m_IsPrefabAsset: 0
